@article{ Software-Security,
       author = "Gary McGraw",
       title = "Software Security",
       year = "2012",
       journal = "Datenschutz und Datensicherheit",
       volume = "9",
       pages = "661-665"
       }
